<record><leader>00000cas a22000007a 4500</leader><controlfield tag="001">32072726</controlfield><controlfield tag="008">950302c19uu9999wiuwr ne      0   a0eng c</controlfield><datafield ind1=" " ind2=" " tag="010"><subfield code="a">sn 95001460 </subfield></datafield><datafield ind1=" " ind2=" " tag="040"><subfield code="a">NSD</subfield><subfield code="b">eng</subfield><subfield code="c">NSD</subfield><subfield code="d">CUS</subfield><subfield code="d">OCLCQ</subfield><subfield code="d">OCLCF</subfield><subfield code="d">OCLCO</subfield></datafield><datafield ind1=" " ind2=" " tag="012"><subfield code="l">1</subfield><subfield code="m">1</subfield></datafield><datafield ind1="1" ind2=" " tag="022"><subfield code="a">1081-4043</subfield><subfield code="l">1081-4043</subfield><subfield code="2">1</subfield></datafield><datafield ind1="1" ind2=" " tag="029"><subfield code="a">AU@</subfield><subfield code="b">000025879872</subfield></datafield><datafield ind1=" " ind2=" " tag="032"><subfield code="a">003622</subfield><subfield code="b">USPS</subfield></datafield><datafield ind1=" " ind2=" " tag="037"><subfield code="b">Isthmus, 101 King St., Madison, WI 53703</subfield></datafield><datafield ind1=" " ind2=" " tag="042"><subfield code="a">nsdp</subfield><subfield code="a">pcc</subfield></datafield><datafield ind1=" " ind2=" " tag="043"><subfield code="a">n-us-wi</subfield></datafield><datafield ind1=" " ind2="4" tag="050"><subfield code="a">F589.M1</subfield><subfield code="b">I88</subfield></datafield><datafield ind1="0" ind2=" " tag="130"><subfield code="a">Isthmus (Madison, Wis.)</subfield></datafield><datafield ind1=" " ind2="0" tag="222"><subfield code="a">Isthmus</subfield><subfield code="b">(Madison, Wis.)</subfield></datafield><datafield ind1="1" ind2="0" tag="245"><subfield code="a">Isthmus.</subfield></datafield><datafield ind1=" " ind2=" " tag="260"><subfield code="a">Madison, WI :</subfield><subfield code="b">Isthmus Pub.</subfield></datafield><datafield ind1=" " ind2=" " tag="300"><subfield code="a">v.</subfield></datafield><datafield ind1=" " ind2=" " tag="310"><subfield code="a">Weekly</subfield></datafield><datafield ind1=" " ind2=" " tag="588"><subfield code="a">Description based on surrogate of: Vol. 20, no. 7 (Feb. 17-23, 1995).</subfield></datafield><datafield ind1=" " ind2="0" tag="651"><subfield code="a">Madison (Wis.)</subfield><subfield code="v">Periodicals.</subfield></datafield><datafield ind1=" " ind2="7" tag="655"><subfield code="a">Periodicals.</subfield><subfield code="2">fast</subfield><subfield code="0">(OCoLC)fst01411641</subfield></datafield><datafield ind1=" " ind2="7" tag="651"><subfield code="a">Wisconsin</subfield><subfield code="z">Madison.</subfield><subfield code="2">fast</subfield><subfield code="0">(OCoLC)fst01205840</subfield></datafield><datafield ind1="0" ind2="0" tag="780"><subfield code="t">Isthmus of Madison</subfield><subfield code="w">(OCoLC)10272171</subfield></datafield></record>